<record xmlns="http://www.loc.gov/MARC21/slim" xmlns:xsi="http://www.w3.org/2001/XMLSchema-instance" xsi:schemaLocation="http://www.loc.gov/MARC21/slim http://www.loc.gov/standards/marcxml/schema/MARC21slim.xsd">

  <leader>00501nam a2200145Ia 4500</leader>
  <datafield ind1=" " tag="999" ind2=" ">
    <subfield code="c">2379</subfield>
    <subfield code="d">2379</subfield>
  </datafield>
  <controlfield tag="008">180912b2010    cr ||||| |||| 00| | spa d</controlfield>
  <datafield ind2=" " tag="090" ind1=" ">
    <subfield code="a">19.02.08 </subfield>
    <subfield code="b">693</subfield>
  </datafield>
  <datafield ind2=" " tag="100" ind1=" ">
    <subfield code="a">Rodríguez Rojas, Oldemar</subfield>
    <subfield code="9">4234</subfield>
  </datafield>
  <datafield ind2="0" ind1="1" tag="245">
    <subfield code="a">Informe final de gestión / </subfield>
    <subfield code="c">Oldemar Rodríguez Rojas</subfield>
  </datafield>
  <datafield tag="260" ind1=" " ind2=" ">
    <subfield code="a">[San José, Costa Rica] : </subfield>
    <subfield code="b">Universidad de Costa Rica. Consejo Universitario, </subfield>
    <subfield code="c">2010</subfield>
  </datafield>
  <datafield ind2=" " ind1=" " tag="300">
    <subfield code="a">100 páginas</subfield>
  </datafield>
  <datafield ind1=" " tag="610" ind2="4">
    <subfield code="9">714</subfield>
    <subfield code="a">UNIVERSIDAD DE COSTA RICA</subfield>
  </datafield>
  <datafield tag="650" ind1="1" ind2="4">
    <subfield code="a">INFORMES DE ACTIVIDADES</subfield>
    <subfield code="9">1465</subfield>
  </datafield>
  <datafield ind2=" " ind1=" " tag="942">
    <subfield code="2">z</subfield>
    <subfield code="c">01</subfield>
  </datafield>
</record>